<?xml version="1.0" encoding="UTF-8"?><collection xmlns="http://www.loc.gov/MARC21/slim"><record><leader>00513nam--2200193-u-4500</leader><controlfield tag="001">000055688</controlfield><controlfield tag="002">20161230</controlfield><controlfield tag="005">20161230201052</controlfield><controlfield tag="008">130328s1000------------r-----000-0-eng-d</controlfield><datafield ind1=" " ind2=" " tag="040"><subfield code="a">IFIN-HH</subfield></datafield><datafield ind1=" " ind2=" " tag="080"><subfield code="a">614.876</subfield></datafield><datafield ind1="1" ind2=" " tag="100"><subfield code="a">Schubert, Jack</subfield></datafield><datafield ind1="1" ind2="0" tag="245"><subfield code="a">Radiation: what is and how it affects you</subfield><subfield code="c">Jack schubert, ralph e. lapp</subfield></datafield><datafield ind1=" " ind2=" " tag="250"><subfield code="a">Second Printing</subfield></datafield><datafield ind1=" " ind2=" " tag="260"><subfield code="a">New York</subfield><subfield code="b">The Viking Press</subfield><subfield code="c">1960</subfield></datafield><datafield ind1=" " ind2=" " tag="300"><subfield code="a">314P</subfield></datafield><datafield ind1="1" ind2=" " tag="700"><subfield code="a">Lapp, Ralph E</subfield></datafield><datafield ind1=" " ind2=" " tag="852"><subfield code="a">13655</subfield><subfield code="c">H.H</subfield></datafield><datafield ind1=" " ind2=" " tag="CAT"><subfield code="a">Sys</subfield><subfield code="c">20130328</subfield><subfield code="h">105522</subfield></datafield></record></collection>